@article{boeck2014experiments,
  title={Experiments with Generalized Midpoint and Trapezoidal Rules on two Nonsmooth ODE’s},
  author={Boeck, Paul and Gompil, Battur and Griewank, Andreas and Hasenfelder, Richard and Strogies, Niko},
  year={2013},
	journal={Mongolian Mathematical Journal},
	volume={17}	
}

@mastersthesis{boeck2014implementation,
	author={Boeck, Paul},
	title={Implementation and Application of the Generalized Midpoint Rule for Lipschitzean ODEs}, 
	school={Humboldt Universität zu Berlin}, 
	year={2014},
	type={Diplomarbeit}
}